@article{bernstein_vazirani_1997,
title={Quantum Complexity Theory},
volume={26},
DOI={10.1137/s0097539796300921},
number={5},
journal={SIAM Journal on Computing},
author={Bernstein, Ethan and Vazirani, Umesh},
year={1997},
pages={1411-1473}
}

@article{deutsch_1985,
title={Quantum Theory, the Church-Turing Principle and the Universal Quantum Computer},
volume={400},
DOI={10.1098/rspa.1985.0070},
number={1818},
journal={Proceedings of the Royal Society A: Mathematical, Physical and Engineering Sciences}, 
author={Deutsch, David},
year={1985},
pages={97-117}
}

@article{feynman_1982,
title={Simulating physics with computers},
volume={21},
DOI={10.1007/bf02650179},
number={6-7},
journal={International Journal of Theoretical Physics},
author={Feynman, Richard P.},
year={1982},
pages={467-488}
}

@article{susskind_2016,
title={Computational complexity and black hole horizons},
volume={64},
DOI={10.1002/prop.201500092},
number={1},
journal={Fortschritte der Physik},
author={Susskind, Leonard},
year={2016},
pages={24-43}
}

@book{arora_barak_2016,
place={New York (NY)},
title={Computational Complexity: A Modern Approach},
publisher={Cambridge University Press},
author={Arora, Sanjeev and Barak, Boaz},
year={2016}
}

@article{shor_1997,
title={Polynomial-Time Algorithms for Prime Factorization and Discrete Logarithms on a Quantum Computer},
volume={26},
DOI={10.1137/s0097539795293172},
number={5},
journal={SIAM Journal on Computing},
author={Shor, Peter W.},
year={1997},
pages={1484-1509}
}

@article{pawel_shengyu_2006,
author = {Wocjan, Pawel and Zhang, Shengyu},
year = {2006},
month = {07},
pages = {},
title = {Several natural BQP-Complete problems}
}

@INPROCEEDINGS{impagliazzo_paturi_1999,
author={R. Impagliazzo and R. Paturi}, 
booktitle={Proceedings. Fourteenth Annual IEEE Conference on Computational Complexity (Formerly: Structure in Complexity Theory Conference) (Cat.No.99CB36317)}, 
title={Complexity of k-SAT}, 
year={1999}, 
volume={}, 
number={}, 
pages={237-240}, 
keywords={computational complexity;k-SAT complexity;exponential time;subexponential-time algorithm;NP-complete problem;Polynomials;Educational programs;Algorithm design and analysis;Upper bound}, 
doi={10.1109/CCC.1999.766282}, 
ISSN={1093-0159}, 
month={May}
}

@ARTICLE{pomerance_1996,
    author = {Carl Pomerance},
    title = {A tale of two sieves},
    journal = {Notices Amer. Math. Soc},
    year = {1996},
    volume = {43},
    pages = {1473--1485}
}

@book{manin_1980,
    author = {Manin, Yuri},
    citeulike-article-id = {13412330},
    keywords = {qrw},
    location = {Moscow},
    posted-at = {2014-10-29 18:57:40},
    priority = {2},
    publisher = {Sovetskoye Radio},
    title = {Computable and Uncomputable},
    year = {1980}
}

@article{preskill_2012,
      author         = "Preskill, John",
      title          = "{Quantum computing and the entanglement frontier}",
      year           = "2012",
      eprint         = "1203.5813",
      archivePrefix  = "arXiv",
      primaryClass   = "quant-ph",
      reportNumber   = "CALT-68-2867",
      SLACcitation   = "%%CITATION = ARXIV:1203.5813;%%"
}

@article{ladner_1975, title={On the Structure of Polynomial Time Reducibility}, volume={22}, DOI={10.1145/321864.321877}, number={1}, journal={Journal of the ACM}, author={Ladner, Richard E.}, year={1975}, pages={155-171}}